<record><leader>00000cas a22000007a 4500</leader><controlfield tag="001">8814418</controlfield><controlfield tag="008">820928d18671875ksuwr ne      0    0eng  </controlfield><datafield ind1=" " ind2=" " tag="010"><subfield code="a">sn 82015833 </subfield></datafield><datafield ind1=" " ind2=" " tag="040"><subfield code="a">DLC</subfield><subfield code="b">eng</subfield><subfield code="c">DLC</subfield><subfield code="d">NPU</subfield><subfield code="d">NPT</subfield><subfield code="d">NPX</subfield><subfield code="d">DLC</subfield><subfield code="d">CNW</subfield><subfield code="d">OBN</subfield><subfield code="d">OCLCQ</subfield><subfield code="d">OCLCO</subfield><subfield code="d">OCLCQ</subfield><subfield code="d">OCLCF</subfield></datafield><datafield ind1="1" ind2=" " tag="029"><subfield code="a">AU@</subfield><subfield code="b">000020343589</subfield></datafield><datafield ind1=" " ind2=" " tag="042"><subfield code="a">msc</subfield></datafield><datafield ind1=" " ind2=" " tag="043"><subfield code="a">n-us-ks</subfield></datafield><datafield ind1="0" ind2="0" tag="050"><subfield code="a">Newspaper 7876</subfield></datafield><datafield ind1="0" ind2=" " tag="130"><subfield code="a">Kansas State record (Topeka, Kan. : Weekly)</subfield></datafield><datafield ind1="1" ind2="0" tag="245"><subfield code="a">Kansas State record.</subfield></datafield><datafield ind1="3" ind2=" " tag="246"><subfield code="a">State record</subfield></datafield><datafield ind1=" " ind2=" " tag="260"><subfield code="a">Topeka, Kan. :</subfield><subfield code="b">S.D. MacDonald &amp; Co.,</subfield><subfield code="c">-1875.</subfield></datafield><datafield ind1=" " ind2=" " tag="300"><subfield code="a">v. ;</subfield><subfield code="c">52-78 cm.</subfield></datafield><datafield ind1=" " ind2=" " tag="310"><subfield code="a">Weekly</subfield></datafield><datafield ind1="1" ind2=" " tag="362"><subfield code="a">Began in 1867.</subfield></datafield><datafield ind1="0" ind2=" " tag="362"><subfield code="a">-v. 16, no. 28 (Apr. 28, 1875).</subfield></datafield><datafield ind1=" " ind2=" " tag="500"><subfield code="a">Published as State record, &lt;Nov. 2, 1867-&gt;.</subfield></datafield><datafield ind1=" " ind2=" " tag="500"><subfield code="a">"Republican."</subfield></datafield><datafield ind1=" " ind2=" " tag="525"><subfield code="a">Has occasional supplements.</subfield></datafield><datafield ind1=" " ind2=" " tag="580"><subfield code="a">Daily eds.: Kansas State record (Topeka, Kan. : 1868); Daily Kansas State record; Kansas State record (Topela, Kan. : 1871).</subfield></datafield><datafield ind1=" " ind2=" " tag="588"><subfield code="a">Description based on: Vol. 9, no. 1 (Oct. 16, 1867).</subfield></datafield><datafield ind1=" " ind2="0" tag="651"><subfield code="a">Topeka (Kan.)</subfield><subfield code="v">Newspapers.</subfield></datafield><datafield ind1=" " ind2="0" tag="651"><subfield code="a">Shawnee County (Kan.)</subfield><subfield code="v">Newspapers.</subfield></datafield><datafield ind1=" " ind2="7" tag="655"><subfield code="a">Newspapers.</subfield><subfield code="2">fast</subfield><subfield code="0">(OCoLC)fst01423814</subfield></datafield><datafield ind1=" " ind2="7" tag="651"><subfield code="a">Kansas</subfield><subfield code="z">Shawnee County.</subfield><subfield code="2">fast</subfield><subfield code="0">(OCoLC)fst01218523</subfield></datafield><datafield ind1=" " ind2="7" tag="651"><subfield code="a">Kansas</subfield><subfield code="z">Topeka.</subfield><subfield code="2">fast</subfield><subfield code="0">(OCoLC)fst01207212</subfield></datafield><datafield ind1=" " ind2=" " tag="752"><subfield code="a">United States</subfield><subfield code="b">Kansas</subfield><subfield code="c">Shawnee</subfield><subfield code="d">Topeka.</subfield></datafield><datafield ind1="1" ind2=" " tag="775"><subfield code="t">Kansas State record (Topeka, Kan. : 1868)</subfield><subfield code="w">(DLC)sn 85067204</subfield></datafield><datafield ind1="1" ind2=" " tag="775"><subfield code="t">Daily Kansas State record</subfield><subfield code="w">(DLC)sn 82015830</subfield></datafield><datafield ind1="1" ind2=" " tag="775"><subfield code="t">Kansas State record (Topeka, Kan. : 1871)</subfield><subfield code="w">(DLC)sn 82015832</subfield></datafield><datafield ind1="0" ind2="0" tag="780"><subfield code="t">State record (Topeka, Kan. : 1859)</subfield><subfield code="w">(DLC)sn 82015905</subfield></datafield><datafield ind1="0" ind2="4" tag="785"><subfield code="t">Commonwealth (Topeka, Kan. : Weekly)</subfield><subfield code="w">(DLC)sn 85067014</subfield></datafield></record>